<record><leader>00000cas a22000007a 4500</leader><controlfield tag="001">13280040</controlfield><controlfield tag="008">860311d18491866nyuwr ne      0    0eng d</controlfield><datafield ind1=" " ind2=" " tag="010"><subfield code="a">sn 86053169 </subfield></datafield><datafield ind1=" " ind2=" " tag="040"><subfield code="a">NPX</subfield><subfield code="b">eng</subfield><subfield code="c">NPX</subfield><subfield code="d">PPM</subfield><subfield code="d">NYS</subfield><subfield code="d">OCL</subfield><subfield code="d">OCLCQ</subfield><subfield code="d">OCLCF</subfield><subfield code="d">OCLCO</subfield></datafield><datafield ind1="1" ind2=" " tag="029"><subfield code="a">AU@</subfield><subfield code="b">000020127510</subfield></datafield><datafield ind1=" " ind2=" " tag="042"><subfield code="a">msc</subfield></datafield><datafield ind1=" " ind2=" " tag="043"><subfield code="a">n-us-ny</subfield></datafield><datafield ind1="0" ind2=" " tag="130"><subfield code="a">Northern New York journal (Watertown, N.Y. : 1849)</subfield></datafield><datafield ind1="1" ind2="0" tag="245"><subfield code="a">Northern New York journal.</subfield></datafield><datafield ind1="1" ind2="3" tag="246"><subfield code="a">Northern journal</subfield></datafield><datafield ind1="1" ind2="3" tag="246"><subfield code="a">Northern N.Y. journal</subfield></datafield><datafield ind1=" " ind2=" " tag="260"><subfield code="a">Watertown [N.Y.] :</subfield><subfield code="b">Geo. W. Smith &amp; H.S. Noble</subfield></datafield><datafield ind1=" " ind2=" " tag="300"><subfield code="a">v.</subfield></datafield><datafield ind1=" " ind2=" " tag="310"><subfield code="a">Weekly</subfield></datafield><datafield ind1="1" ind2=" " tag="362"><subfield code="a">Began in 1849; ceased in 1866.</subfield></datafield><datafield ind1=" " ind2=" " tag="500"><subfield code="a">Publishers: Geo. W. Smith &amp; A.W. Clark, &lt;1850&gt;; Clark &amp; Fayvel, &lt;1857&gt;; John Budlong, &lt;1865&gt;.</subfield></datafield><datafield ind1=" " ind2=" " tag="500"><subfield code="a">"New York" appears within title ornament, 1849-&lt;1857&gt;.</subfield></datafield><datafield ind1=" " ind2=" " tag="500"><subfield code="a">"Republican" &lt;1857&gt;.</subfield></datafield><datafield ind1=" " ind2=" " tag="580"><subfield code="a">Semiweekly ed.: Northern New York journal (Watertown, N.Y. : 1865), 1865-1866.</subfield></datafield><datafield ind1=" " ind2=" " tag="588"><subfield code="a">Description based on: Vol. 3, no. 4 (June 27, 1849).</subfield></datafield><datafield ind1=" " ind2=" " tag="588"><subfield code="a">Latest issue consulted: Vol. 21, no. 6 (Sept. 25, 1866).</subfield></datafield><datafield ind1=" " ind2="0" tag="651"><subfield code="a">Watertown (N.Y.)</subfield><subfield code="v">Newspapers.</subfield></datafield><datafield ind1=" " ind2="0" tag="651"><subfield code="a">Jefferson County (N.Y.)</subfield><subfield code="v">Newspapers.</subfield></datafield><datafield ind1=" " ind2="7" tag="655"><subfield code="a">Newspapers.</subfield><subfield code="2">fast</subfield><subfield code="0">(OCoLC)fst01423814</subfield></datafield><datafield ind1=" " ind2="7" tag="651"><subfield code="a">New York (State)</subfield><subfield code="z">Jefferson County.</subfield><subfield code="2">fast</subfield><subfield code="0">(OCoLC)fst01209430</subfield></datafield><datafield ind1=" " ind2="7" tag="651"><subfield code="a">New York (State)</subfield><subfield code="z">Watertown.</subfield><subfield code="2">fast</subfield><subfield code="0">(OCoLC)fst01221269</subfield></datafield><datafield ind1=" " ind2=" " tag="752"><subfield code="a">United States</subfield><subfield code="b">New York</subfield><subfield code="c">Jefferson</subfield><subfield code="d">Watertown.</subfield></datafield><datafield ind1="1" ind2=" " tag="775"><subfield code="t">Northern New York journal (Watertown, N.Y. : 1865)</subfield><subfield code="w">(DLC)sn 94057739</subfield><subfield code="w">(OCoLC)29986183</subfield></datafield><datafield ind1="0" ind2="0" tag="780"><subfield code="t">Northern state journal</subfield><subfield code="w">(DLC)sn 85054388</subfield><subfield code="w">(OCoLC)11661031</subfield></datafield><datafield ind1="0" ind2="0" tag="785"><subfield code="t">Northern New York weekly journal</subfield><subfield code="w">(DLC)sn 94057737</subfield><subfield code="w">(OCoLC)29985499</subfield></datafield></record>